<?xml version="1.0" encoding="UTF-8"?><collection xmlns="http://www.loc.gov/MARC21/slim"><record><leader>00440nam--2200169-i-4500</leader><controlfield tag="001">000032664</controlfield><controlfield tag="002">20161230</controlfield><controlfield tag="005">20170113000558</controlfield><controlfield tag="008">060222s1000------------r-----000-0-eng-d</controlfield><datafield ind1=" " ind2=" " tag="100"><subfield code="a">Meghreblian, R. V</subfield></datafield><datafield ind1=" " ind2=" " tag="245"><subfield code="a">Reactor analysis</subfield></datafield><datafield ind1=" " ind2=" " tag="260"><subfield code="a">New York</subfield><subfield code="b">McGraw-Hill Book Co</subfield><subfield code="c">1960</subfield></datafield><datafield ind1=" " ind2=" " tag="300"><subfield code="a">IX+808 p</subfield></datafield><datafield ind1=" " ind2=" " tag="490"><subfield code="a">McGraw-Hill Series In Nuclear Engineering</subfield></datafield><datafield ind1=" " ind2=" " tag="700"><subfield code="a">Holmes, D. K</subfield></datafield><datafield ind1=" " ind2=" " tag="852"><subfield code="a">16000</subfield></datafield><datafield ind1=" " ind2=" " tag="CAT"><subfield code="a">SYS</subfield><subfield code="c">20170113</subfield><subfield code="h">000558</subfield></datafield></record></collection>